@article{Gorman2014,
  doi = {10.1371/journal.pone.0090081},
  url = {https://doi.org/10.1371/journal.pone.0090081},
  year = {2014},
  month = {03},
  publisher = {Public Library of Science ({PLoS})},
  volume = {9},
  number = {3},
  pages = {e90081},
  author = {Kristen B. Gorman and Tony D. Williams and William R. Fraser},
  title = {Ecological Sexual Dimorphism and Environmental Variability within a Community of Antarctic Penguins (Genus Pygoscelis)},
  journal = {{PLoS} {ONE}}
}
